@book{knuth2001art,
  title={The Art of Computer Programming: Fundamental Algorithms},
  author={Knuth, D.E.},
  number={v. 1},
  isbn={9780201896831},
  series={The Art of Computer Programming: Fundamental Algorithms},
  year={2001},
  publisher={Addison-Wesley}
}

